@book{berk1,
  title={Spectral Theory and Analytic Geometry over Non-Archimedean Fields},
  author={Berkovich, V.G.},
  isbn={9780821890202},
  lccn={90000830},
  series={Mathematical Surveys and Monographs},
  year={2012},
  publisher={American Mathematical Society}
}

@article{berk93,
     author = {Berkovich, Vladimir G.},
     title = {\'Etale cohomology for {non-Archimedean} analytic spaces},
     journal = {Publications Math\'ematiques de l'IH\'ES},
     pages = {5--161},
     publisher = {Institut des Hautes \'Etudes Scientifiques},
     volume = {78},
     year = {1993},
     zbl = {0804.32019},
     mrnumber = {95c:14017},
     language = {en},
     url = {http://www.numdam.org/item/PMIHES_1993__78__5_0/}
}

@incollection{temk,
  title={Introduction to Berkovich analytic spaces},
  author={Temkin, Michael},
  booktitle={Berkovich spaces and applications},
  pages={3--66},
  year={2015},
  publisher={Springer}
}


@article{temk2005,
author = {Temkin, Michael},
year = {2005},
month = {10},
pages = {261-269},
title = {A new proof of the Gerritzen-Grauert theorem},
volume = {333},
journal = {Mathematische Annalen},
doi = {10.1007/s00208-005-0660-4}
}

@book{bgr,
  title={Non-Archimedean Analysis: A Systematic Approach to Rigid Analytic Geometry},
  author={Bosch, S. and G{\"u}ntzer, U. and Remmert, R.},
  isbn={9783540125464},
  lccn={83010324},
  series={Grundlehren der mathematischen Wissenschaften},
  year={1984},
  publisher={Springer Berlin Heidelberg}
}

@book{serre,
  title={Lie Algebras and Lie Groups: 1964 Lectures Given at Harvard University},
  author={Serre, J.P.},
  number={no. 1500},
  isbn={9783540550082},
  lccn={lc92003234},
  series={Lecture Notes in Mathematics},
  year={1992},
  publisher={Springer}
}

@book{potdynams,
  title={Potential Theory and Dynamics on the Berkovich Projective Line},
  author={Baker, Matthew and Rumely, Robert},
  isbn={9780821849248},
  lccn={2009036372},
  series={Mathematical surveys and monographs},
  url={https://books.google.co.uk/books?id=KyeZAwAAQBAJ},
  year={2010},
  publisher={American Mathematical Society}
}
@article{vietnam,
author = {Nicaise, Johannes},
year = {2017},
month = {08},
title = {Igusa Zeta Functions and the Non-archimedean SYZ Fibration},
volume = {43},
journal = {Acta Mathematica Vietnamica},
doi = {10.1007/s40306-017-0241-0}
}

@incollection{bakernotes,
author = {Baker, Matthew},
year = {2008},
month = {08},
volume = {45},
title = {An introduction to Berkovich analytic spaces and non-archimedean potential theory on curves},
booktitle = {p
-adic Geometry: Lectures from the 2007 Arizona Winter School},
chapter = {3},
publisher = {American Mathematical Society},
isbn = {9780821844687},
doi = {10.1090/ulect/045/04}
}

@article{bpr,
   title={On the structure of non-archimedean analytic curves},
   ISSN={1098-3627},
   url={http://dx.doi.org/10.1090/conm/605/12113},
   DOI={10.1090/conm/605/12113},
   journal={Contemporary Mathematics},
   publisher={American Mathematical Society},
   author={Baker, Matthew and Payne, Sam and Rabinoff, Joseph},
   year={2013},
   pages={93–121}
}

@misc{kontsevich,
      title={Affine structures and non-archimedean analytic spaces}, 
      author={Maxim Kontsevich and Yan Soibelman},
      year={2004},
      eprint={math/0406564},
      archivePrefix={arXiv},
      primaryClass={math.AG}
}

@article{candelas,
title = {A pair of Calabi-Yau manifolds as an exactly soluble superconformal theory},
journal = {Nuclear Physics B},
volume = {359},
number = {1},
pages = {21-74},
year = {1991},
issn = {0550-3213},
doi = {https://doi.org/10.1016/0550-3213(91)90292-6},
author = {Philip Candelas and Xenia C. {De La Ossa} and Paul S. Green and Linda Parkes},
}

@book{boschformal,
  title={Lectures on Formal and Rigid Geometry},
  author={Bosch, S.},
  isbn={9783319044170},
  series={Lecture Notes in Mathematics},
  year={2014},
  publisher={Springer International Publishing}
}

@article{MN,
author = {Mustata, Mircea and Nicaise, Johannes},
year = {2012},
month = {12},
pages = {},
title = {Weight functions on non-Archimedean analytic spaces and the Kontsevich–Soibelman skeleton},
volume = {2},
journal = {Algebraic Geometry},
doi = {10.14231/AG-2015-016}
}

@misc{stacks-project,
  author       = {The Stacks project authors},
  title        = {The Stacks project},
  howpublished = {\url{https://stacks.math.columbia.edu}},
  year         = {2022},
}

@book{liu,
  title={Algebraic Geometry and Arithmetic Curves},
  author={Liu, Q. and Erne, R.},
  isbn={9780191547805},
  series={Oxford Graduate Texts in Mathematics (0-19-961947-6)},
  url={https://books.google.co.uk/books?id=ePpzBAAAQBAJ},
  year={2006},
  publisher={Oxford University Press}
}

@InProceedings{birgeom,
  author = {Nicaise, Johannes},
  editor = {Baker, Matthew and Payne, Sam},
  title = {Berkovich Skeleta and Birational Geometry},
  booktitle = {Nonarchimedean and Tropical Geometry},
  publisher = {Springer International Publishing},
  year = {2016},
  address = {Cham},
  pages = {173--194},
  isbn = {978-3-319-30945-3}
}

@book{bourbaki,
  title={General Topology: Chapters 1-4},
  author={N. Bourbaki},
  isbn={9783540642411},
  lccn={88031206},
  series={Elements of mathematics},
  url={https://books.google.co.uk/books?id=kTFSfmsjDM0C},
  year={1998},
  publisher={Springer}
}

@book{AM,
  title={Introduction To Commutative Algebra},
  author={Atiyah, M.},
  isbn={9780429973260},
  url={https://books.google.co.uk/books?id=161SDwAAQBAJ},
  year={2018},
  publisher={CRC Press}
}

% Conrad, B., 1999. Irreducible components of rigid spaces. In Annales de l’institut Fourier (Vol. 49, No. 2, pp. 473-541).

@article{bconrad,
   title={Irreducible components of rigid spaces},
   journal={Annales de l’institut Fourier},
   author={Conrad, Brian},
   year={1999},
   volume = {49},
   pages={473-541}
}

@article{boschlutkebohmert,
    title={Stable reduction and uniformization of abelian varieties I},
    author = {Bosch, S. and Lütkebohmert, W},
    journal={Mathematische Annalen},
    volume = {270},
    pages={349–379},
    year = {1985},
    doi = {https://doi.org/10.1007/BF01473432}
}

@article{thuillier,
    title = {G{\'e}om{\'e}trie toro{\"i}dale et g{\'e}om{\'e}trie analytique non archim{\'e}dienne.},
    author = {Thuillier, A.},
    journal = {Manuscr. Math},
    volume = {123},
    year = {2007}
}

@Inbook{uniformization1,
author="Poineau, J{\'e}r{\^o}me
and Turchetti, Daniele",
editor="Angl{\`e}s, Bruno
and Ngo Dac, Tuan",
title="Berkovich Curves and Schottky Uniformization I: The Berkovich Affine Line",
bookTitle="Arithmetic and Geometry over Local Fields: VIASM  2018",
year="2021",
publisher="Springer International Publishing",
address="Cham",
pages="179--223",
isbn="978-3-030-66249-3",
doi="10.1007/978-3-030-66249-3_5",
url="https://doi.org/10.1007/978-3-030-66249-3_5"
}

@Inbook{uniformization2,
author="Poineau, J{\'e}r{\^o}me
and Turchetti, Daniele",
editor="Angl{\`e}s, Bruno
and Ngo Dac, Tuan",
title="Berkovich Curves and Schottky Uniformization II: Analytic Uniformization of Mumford Curves",
bookTitle="Arithmetic and Geometry over Local Fields: VIASM  2018",
year="2021",
publisher="Springer International Publishing",
address="Cham",
pages="225--279",
isbn="978-3-030-66249-3",
doi="10.1007/978-3-030-66249-3_6",
url="https://doi.org/10.1007/978-3-030-66249-3_6"
}


@book{silverman,
  title={The Arithmetic of Elliptic Curves},
  author={Silverman, J.H.},
  isbn={9780387094946},
  lccn={2009926474},
  series={Graduate Texts in Mathematics},
  url={https://books.google.co.uk/books?id=Z90CA\_EUCCkC},
  year={2009},
  publisher={Springer New York}
}

@book{nonarchanalysis,
    title={Non-Archimedean Analysis},
    subtitle={A Systematic Approach to Rigid Analytic Geometry},
    author={Bosch, S. and Güntzer, U. and Remmert, R.},
    publisher={Springer Berlin, Heidelberg},
    year={1984}
}

@book{bourbakialgebra,
  title={Commutative Algebra: Chapters 1-7},
  author={N. Bourbaki},
  number={v. 1},
  isbn={9783540642398},
  lccn={88031138},
  series={Elements de mathematique. English},
  url={https://books.google.co.uk/books?id=Bb30CjGW7EAC},
  year={1998},
  publisher={Springer}
}

@article{hironaka,
 ISSN = {0003486X},
 URL = {http://www.jstor.org/stable/1970486},
 author = {Heisuke Hironaka},
 journal = {Annals of Mathematics},
 number = {1},
 pages = {109--203},
 publisher = {Annals of Mathematics},
 title = {Resolution of Singularities of an Algebraic Variety Over a Field of Characteristic Zero: I},
 urldate = {2022-06-18},
 volume = {79},
 year = {1964}
}

@misc{cossart,
  doi = {10.48550/ARXIV.0905.2191},
  url = {https://arxiv.org/abs/0905.2191},
  author = {Cossart, Vincent and Jannsen, Uwe and Saito, Shuji},
  keywords = {Algebraic Geometry (math.AG), Commutative Algebra (math.AC), FOS: Mathematics, FOS: Mathematics, 14J17, 14E15},
  title = {Canonical embedded and non-embedded resolution of singularities for excellent two-dimensional schemes},
  publisher = {arXiv},
  year = {2009},
  copyright = {arXiv.org perpetual, non-exclusive license}
}

@article{bfj,
author = {Boucksom, Sebastien and Favre, Charles and Jonsson, Mattias},
year = {2011},
month = {12},
pages = {},
title = {Singular semipositive metrics in non-Archimedean geometry},
volume = {25},
journal = {Journal of Algebraic Geometry},
doi = {10.1090/jag/656}
}

@article{lipman,
 ISSN = {0003486X},
 URL = {http://www.jstor.org/stable/1971141},
 author = {Joseph Lipman},
 journal = {Annals of Mathematics},
 number = {2},
 pages = {151--207},
 publisher = {Annals of Mathematics},
 title = {Desingularization of Two-Dimensional Schemes},
 urldate = {2022-06-21},
 volume = {107},
 year = {1978}
}

@article{hauserresolution,
author = {Encinas, Santiago and Hauser, Herwig},
year = {2002},
month = {12},
pages = {},
title = {Strong resolution of singularities in characteristic zero},
volume = {77},
journal = {Commentarii Mathematici Helvetici},
doi = {10.1007/PL00012443}
}

@article{cossart1,
title = {Resolution of singularities of arithmetical threefolds},
journal = {Journal of Algebra},
volume = {529},
pages = {268-535},
year = {2019},
issn = {0021-8693},
doi = {https://doi.org/10.1016/j.jalgebra.2019.02.017},
url = {https://www.sciencedirect.com/science/article/pii/S0021869319301061},
author = {Vincent Cossart and Olivier Piltant},
keywords = {Resolution of singularities, Arithmetical varieties, Zariski, Blowing up, Valuations}
}

@book{cossart2,
author = {Cossart, Vincent and Jannsen, Uwe and Saito, Shuji},
year = {2020},
month = {01},
pages = {},
title = {Desingularization: Invariants and Strategy: Application to Dimension 2},
isbn = {978-3-030-52639-9},
doi = {10.1007/978-3-030-52640-5}
}

@article{conradirred,
  title={Irreducible components of rigid spaces},
  author={Brian Conrad},
  journal={Annales de l'Institut Fourier},
  year={1999},
  volume={49},
  pages={473-541}
}

@book{hartshorne,
   title={Algebraic Geometry},
   author={Hartshorne, R.},
   isbn={9780387902449},
   lccn={lc77001177},
   series={Graduate Texts in Mathematics},
   url={https://books.google.co.uk/books?id=3rtX9t-nnvwC},
   year={1977},
   publisher={Springer}
}